%YAML 1.1
%TAG !u! tag:unity3d.com,2011:
--- !u!1 &7299221175337903453
GameObject:
  m_ObjectHideFlags: 0
  m_CorrespondingSourceObject: {fileID: 0}
  m_PrefabInstance: {fileID: 0}
  m_PrefabAsset: {fileID: 0}
  serializedVersion: 6
  m_Component:
  - component: {fileID: 7299221175337903452}
  - component: {fileID: 7299221175337903427}
  m_Layer: 0
  m_Name: obs3
  m_TagString: Untagged
  m_Icon: {fileID: 0}
  m_NavMeshLayer: 0
  m_StaticEditorFlags: 0
  m_IsActive: 1
--- !u!4 &7299221175337903452
Transform:
  m_ObjectHideFlags: 0
  m_CorrespondingSourceObject: {fileID: 0}
  m_PrefabInstance: {fileID: 0}
  m_PrefabAsset: {fileID: 0}
  m_GameObject: {fileID: 7299221175337903453}
  m_LocalRotation: {x: 0, y: 0, z: 0, w: 1}
  m_LocalPosition: {x: -0.05, y: 0.5, z: 12.73}
  m_LocalScale: {x: 1, y: 1, z: 1}
  m_Children:
  - {fileID: 7299221174582344568}
  - {fileID: 7299221174508633258}
  - {fileID: 7299221175323395878}
  - {fileID: 8116747575285741069}
  - {fileID: 8116747575690835918}
  - {fileID: 8116747574270581130}
  m_Father: {fileID: 0}
  m_RootOrder: 0
  m_LocalEulerAnglesHint: {x: 0, y: 0, z: 0}
--- !u!114 &7299221175337903427
MonoBehaviour:
  m_ObjectHideFlags: 0
  m_CorrespondingSourceObject: {fileID: 0}
  m_PrefabInstance: {fileID: 0}
  m_PrefabAsset: {fileID: 0}
  m_GameObject: {fileID: 7299221175337903453}
  m_Enabled: 1
  m_EditorHideFlags: 0
  m_Script: {fileID: 11500000, guid: e3533c322391b0a4192533a29c83b4e4, type: 3}
  m_Name: 
  m_EditorClassIdentifier: 
  speed: 7
--- !u!54 &1443156765
Rigidbody:
  m_ObjectHideFlags: 0
  m_CorrespondingSourceObject: {fileID: 0}
  m_PrefabInstance: {fileID: 0}
  m_PrefabAsset: {fileID: 0}
  m_GameObject: {fileID: 8116747574270936490}
  serializedVersion: 2
  m_Mass: 1
  m_Drag: 0
  m_AngularDrag: 0.05
  m_UseGravity: 0
  m_IsKinematic: 1
  m_Interpolate: 0
  m_Constraints: 0
  m_CollisionDetection: 0
--- !u!65 &1443156766
BoxCollider:
  m_ObjectHideFlags: 0
  m_CorrespondingSourceObject: {fileID: 0}
  m_PrefabInstance: {fileID: 0}
  m_PrefabAsset: {fileID: 0}
  m_GameObject: {fileID: 8116747574270936490}
  m_Material: {fileID: 0}
  m_IsTrigger: 1
  m_Enabled: 1
  serializedVersion: 2
  m_Size: {x: 0.40264788, y: 0.81639445, z: 0.5848914}
  m_Center: {x: 0.0018325311, y: 0.38716882, z: -0.06386297}
--- !u!54 &1550852488
Rigidbody:
  m_ObjectHideFlags: 0
  m_CorrespondingSourceObject: {fileID: 0}
  m_PrefabInstance: {fileID: 0}
  m_PrefabAsset: {fileID: 0}
  m_GameObject: {fileID: 8116747575285836333}
  serializedVersion: 2
  m_Mass: 1
  m_Drag: 0
  m_AngularDrag: 0.05
  m_UseGravity: 0
  m_IsKinematic: 1
  m_Interpolate: 0
  m_Constraints: 0
  m_CollisionDetection: 0
--- !u!65 &1550852489
BoxCollider:
  m_ObjectHideFlags: 0
  m_CorrespondingSourceObject: {fileID: 0}
  m_PrefabInstance: {fileID: 0}
  m_PrefabAsset: {fileID: 0}
  m_GameObject: {fileID: 8116747575285836333}
  m_Material: {fileID: 0}
  m_IsTrigger: 1
  m_Enabled: 1
  serializedVersion: 2
  m_Size: {x: 0.7683697, y: 0.7844627, z: 0.5689257}
  m_Center: {x: -0.11581521, y: 0.39515185, z: -0.06386294}
--- !u!54 &77313984
Rigidbody:
  m_ObjectHideFlags: 0
  m_CorrespondingSourceObject: {fileID: 0}
  m_PrefabInstance: {fileID: 0}
  m_PrefabAsset: {fileID: 0}
  m_GameObject: {fileID: 8116747575691258862}
  serializedVersion: 2
  m_Mass: 1
  m_Drag: 0
  m_AngularDrag: 0.05
  m_UseGravity: 0
  m_IsKinematic: 1
  m_Interpolate: 0
  m_Constraints: 0
  m_CollisionDetection: 0
--- !u!65 &77313985
BoxCollider:
  m_ObjectHideFlags: 0
  m_CorrespondingSourceObject: {fileID: 0}
  m_PrefabInstance: {fileID: 0}
  m_PrefabAsset: {fileID: 0}
  m_GameObject: {fileID: 8116747575691258862}
  m_Material: {fileID: 0}
  m_IsTrigger: 1
  m_Enabled: 1
  serializedVersion: 2
  m_Size: {x: 1, y: 0.8084114, z: 0.68866813}
  m_Center: {x: 0, y: 0.3911602, z: -0.13171712}
--- !u!1001 &7299221174509020718
PrefabInstance:
  m_ObjectHideFlags: 0
  serializedVersion: 2
  m_Modification:
    m_TransformParent: {fileID: 7299221175337903452}
    m_Modifications:
    - target: {fileID: 100004, guid: e08e6ab40a24fc6488c5f1230e26c045, type: 3}
      propertyPath: m_Name
      value: Stairs_Newel_Top
      objectReference: {fileID: 0}
    - target: {fileID: 400004, guid: e08e6ab40a24fc6488c5f1230e26c045, type: 3}
      propertyPath: m_LocalPosition.x
      value: 1.67
      objectReference: {fileID: 0}
    - target: {fileID: 400004, guid: e08e6ab40a24fc6488c5f1230e26c045, type: 3}
      propertyPath: m_LocalPosition.y
      value: 7.59
      objectReference: {fileID: 0}
    - target: {fileID: 400004, guid: e08e6ab40a24fc6488c5f1230e26c045, type: 3}
      propertyPath: m_LocalPosition.z
      value: -1.6999998
      objectReference: {fileID: 0}
    - target: {fileID: 400004, guid: e08e6ab40a24fc6488c5f1230e26c045, type: 3}
      propertyPath: m_LocalRotation.x
      value: -0
      objectReference: {fileID: 0}
    - target: {fileID: 400004, guid: e08e6ab40a24fc6488c5f1230e26c045, type: 3}
      propertyPath: m_LocalRotation.y
      value: -0
      objectReference: {fileID: 0}
    - target: {fileID: 400004, guid: e08e6ab40a24fc6488c5f1230e26c045, type: 3}
      propertyPath: m_LocalRotation.z
      value: -0
      objectReference: {fileID: 0}
    - target: {fileID: 400004, guid: e08e6ab40a24fc6488c5f1230e26c045, type: 3}
      propertyPath: m_LocalRotation.w
      value: 1
      objectReference: {fileID: 0}
    - target: {fileID: 400004, guid: e08e6ab40a24fc6488c5f1230e26c045, type: 3}
      propertyPath: m_RootOrder
      value: 1
      objectReference: {fileID: 0}
    - target: {fileID: 400004, guid: e08e6ab40a24fc6488c5f1230e26c045, type: 3}
      propertyPath: m_LocalEulerAnglesHint.x
      value: 0
      objectReference: {fileID: 0}
    - target: {fileID: 400004, guid: e08e6ab40a24fc6488c5f1230e26c045, type: 3}
      propertyPath: m_LocalEulerAnglesHint.y
      value: 0
      objectReference: {fileID: 0}
    - target: {fileID: 400004, guid: e08e6ab40a24fc6488c5f1230e26c045, type: 3}
      propertyPath: m_LocalEulerAnglesHint.z
      value: 0
      objectReference: {fileID: 0}
    - target: {fileID: 400004, guid: e08e6ab40a24fc6488c5f1230e26c045, type: 3}
      propertyPath: m_LocalScale.x
      value: 5.4727
      objectReference: {fileID: 0}
    - target: {fileID: 400004, guid: e08e6ab40a24fc6488c5f1230e26c045, type: 3}
      propertyPath: m_LocalScale.y
      value: 2.497193
      objectReference: {fileID: 0}
    - target: {fileID: 400004, guid: e08e6ab40a24fc6488c5f1230e26c045, type: 3}
      propertyPath: m_LocalScale.z
      value: 3.8349397
      objectReference: {fileID: 0}
    m_RemovedComponents: []
  m_SourcePrefab: {fileID: 100100000, guid: e08e6ab40a24fc6488c5f1230e26c045, type: 3}
--- !u!4 &7299221174508633258 stripped
Transform:
  m_CorrespondingSourceObject: {fileID: 400004, guid: e08e6ab40a24fc6488c5f1230e26c045,
    type: 3}
  m_PrefabInstance: {fileID: 7299221174509020718}
  m_PrefabAsset: {fileID: 0}
--- !u!1001 &7299221174582206972
PrefabInstance:
  m_ObjectHideFlags: 0
  serializedVersion: 2
  m_Modification:
    m_TransformParent: {fileID: 7299221175337903452}
    m_Modifications:
    - target: {fileID: 100004, guid: c5512255813b2bd4291eea78bc6e896d, type: 3}
      propertyPath: m_Name
      value: Wall_Straight_Doorway
      objectReference: {fileID: 0}
    - target: {fileID: 400004, guid: c5512255813b2bd4291eea78bc6e896d, type: 3}
      propertyPath: m_LocalPosition.x
      value: 4.31
      objectReference: {fileID: 0}
    - target: {fileID: 400004, guid: c5512255813b2bd4291eea78bc6e896d, type: 3}
      propertyPath: m_LocalPosition.y
      value: -0.5
      objectReference: {fileID: 0}
    - target: {fileID: 400004, guid: c5512255813b2bd4291eea78bc6e896d, type: 3}
      propertyPath: m_LocalPosition.z
      value: -1.8499999
      objectReference: {fileID: 0}
    - target: {fileID: 400004, guid: c5512255813b2bd4291eea78bc6e896d, type: 3}
      propertyPath: m_LocalRotation.x
      value: -0
      objectReference: {fileID: 0}
    - target: {fileID: 400004, guid: c5512255813b2bd4291eea78bc6e896d, type: 3}
      propertyPath: m_LocalRotation.y
      value: -0
      objectReference: {fileID: 0}
    - target: {fileID: 400004, guid: c5512255813b2bd4291eea78bc6e896d, type: 3}
      propertyPath: m_LocalRotation.z
      value: -0
      objectReference: {fileID: 0}
    - target: {fileID: 400004, guid: c5512255813b2bd4291eea78bc6e896d, type: 3}
      propertyPath: m_LocalRotation.w
      value: 1
      objectReference: {fileID: 0}
    - target: {fileID: 400004, guid: c5512255813b2bd4291eea78bc6e896d, type: 3}
      propertyPath: m_RootOrder
      value: 0
      objectReference: {fileID: 0}
    - target: {fileID: 400004, guid: c5512255813b2bd4291eea78bc6e896d, type: 3}
      propertyPath: m_LocalEulerAnglesHint.x
      value: 0
      objectReference: {fileID: 0}
    - target: {fileID: 400004, guid: c5512255813b2bd4291eea78bc6e896d, type: 3}
      propertyPath: m_LocalEulerAnglesHint.y
      value: 0
      objectReference: {fileID: 0}
    - target: {fileID: 400004, guid: c5512255813b2bd4291eea78bc6e896d, type: 3}
      propertyPath: m_LocalEulerAnglesHint.z
      value: 0
      objectReference: {fileID: 0}
    - target: {fileID: 400004, guid: c5512255813b2bd4291eea78bc6e896d, type: 3}
      propertyPath: m_LocalScale.x
      value: 4.0156
      objectReference: {fileID: 0}
    - target: {fileID: 400004, guid: c5512255813b2bd4291eea78bc6e896d, type: 3}
      propertyPath: m_LocalScale.y
      value: 4.0156
      objectReference: {fileID: 0}
    - target: {fileID: 400004, guid: c5512255813b2bd4291eea78bc6e896d, type: 3}
      propertyPath: m_LocalScale.z
      value: 4.0156
      objectReference: {fileID: 0}
    m_RemovedComponents: []
  m_SourcePrefab: {fileID: 100100000, guid: c5512255813b2bd4291eea78bc6e896d, type: 3}
--- !u!4 &7299221174582344568 stripped
Transform:
  m_CorrespondingSourceObject: {fileID: 400004, guid: c5512255813b2bd4291eea78bc6e896d,
    type: 3}
  m_PrefabInstance: {fileID: 7299221174582206972}
  m_PrefabAsset: {fileID: 0}
--- !u!1001 &7299221175323794852
PrefabInstance:
  m_ObjectHideFlags: 0
  serializedVersion: 2
  m_Modification:
    m_TransformParent: {fileID: 7299221175337903452}
    m_Modifications:
    - target: {fileID: 100002, guid: 27a25c7db6e672748a5618559124309e, type: 3}
      propertyPath: m_Name
      value: Tower_Parapet_Braced_Crowned
      objectReference: {fileID: 0}
    - target: {fileID: 400002, guid: 27a25c7db6e672748a5618559124309e, type: 3}
      propertyPath: m_LocalPosition.x
      value: 4.4500003
      objectReference: {fileID: 0}
    - target: {fileID: 400002, guid: 27a25c7db6e672748a5618559124309e, type: 3}
      propertyPath: m_LocalPosition.y
      value: 8.92
      objectReference: {fileID: 0}
    - target: {fileID: 400002, guid: 27a25c7db6e672748a5618559124309e, type: 3}
      propertyPath: m_LocalPosition.z
      value: 0.1500001
      objectReference: {fileID: 0}
    - target: {fileID: 400002, guid: 27a25c7db6e672748a5618559124309e, type: 3}
      propertyPath: m_LocalRotation.x
      value: -0
      objectReference: {fileID: 0}
    - target: {fileID: 400002, guid: 27a25c7db6e672748a5618559124309e, type: 3}
      propertyPath: m_LocalRotation.y
      value: -0
      objectReference: {fileID: 0}
    - target: {fileID: 400002, guid: 27a25c7db6e672748a5618559124309e, type: 3}
      propertyPath: m_LocalRotation.z
      value: -0
      objectReference: {fileID: 0}
    - target: {fileID: 400002, guid: 27a25c7db6e672748a5618559124309e, type: 3}
      propertyPath: m_LocalRotation.w
      value: 1
      objectReference: {fileID: 0}
    - target: {fileID: 400002, guid: 27a25c7db6e672748a5618559124309e, type: 3}
      propertyPath: m_RootOrder
      value: 2
      objectReference: {fileID: 0}
    - target: {fileID: 400002, guid: 27a25c7db6e672748a5618559124309e, type: 3}
      propertyPath: m_LocalEulerAnglesHint.x
      value: 0
      objectReference: {fileID: 0}
    - target: {fileID: 400002, guid: 27a25c7db6e672748a5618559124309e, type: 3}
      propertyPath: m_LocalEulerAnglesHint.y
      value: 0
      objectReference: {fileID: 0}
    - target: {fileID: 400002, guid: 27a25c7db6e672748a5618559124309e, type: 3}
      propertyPath: m_LocalEulerAnglesHint.z
      value: 0
      objectReference: {fileID: 0}
    m_RemovedComponents: []
  m_SourcePrefab: {fileID: 100100000, guid: 27a25c7db6e672748a5618559124309e, type: 3}
--- !u!4 &7299221175323395878 stripped
Transform:
  m_CorrespondingSourceObject: {fileID: 400002, guid: 27a25c7db6e672748a5618559124309e,
    type: 3}
  m_PrefabInstance: {fileID: 7299221175323794852}
  m_PrefabAsset: {fileID: 0}
--- !u!1001 &8116747574270968584
PrefabInstance:
  m_ObjectHideFlags: 0
  serializedVersion: 2
  m_Modification:
    m_TransformParent: {fileID: 7299221175337903452}
    m_Modifications:
    - target: {fileID: 100002, guid: 9ea92f6a173797342a626d74b525dd4b, type: 3}
      propertyPath: m_Name
      value: Puzzle_Sliding_Pillar_Platform_Top
      objectReference: {fileID: 0}
    - target: {fileID: 100002, guid: 9ea92f6a173797342a626d74b525dd4b, type: 3}
      propertyPath: m_TagString
      value: obs
      objectReference: {fileID: 0}
    - target: {fileID: 400002, guid: 9ea92f6a173797342a626d74b525dd4b, type: 3}
      propertyPath: m_LocalPosition.x
      value: -2.57
      objectReference: {fileID: 0}
    - target: {fileID: 400002, guid: 9ea92f6a173797342a626d74b525dd4b, type: 3}
      propertyPath: m_LocalPosition.y
      value: 0
      objectReference: {fileID: 0}
    - target: {fileID: 400002, guid: 9ea92f6a173797342a626d74b525dd4b, type: 3}
      propertyPath: m_LocalPosition.z
      value: 0
      objectReference: {fileID: 0}
    - target: {fileID: 400002, guid: 9ea92f6a173797342a626d74b525dd4b, type: 3}
      propertyPath: m_LocalRotation.x
      value: 0
      objectReference: {fileID: 0}
    - target: {fileID: 400002, guid: 9ea92f6a173797342a626d74b525dd4b, type: 3}
      propertyPath: m_LocalRotation.y
      value: -0
      objectReference: {fileID: 0}
    - target: {fileID: 400002, guid: 9ea92f6a173797342a626d74b525dd4b, type: 3}
      propertyPath: m_LocalRotation.z
      value: -0
      objectReference: {fileID: 0}
    - target: {fileID: 400002, guid: 9ea92f6a173797342a626d74b525dd4b, type: 3}
      propertyPath: m_LocalRotation.w
      value: 1
      objectReference: {fileID: 0}
    - target: {fileID: 400002, guid: 9ea92f6a173797342a626d74b525dd4b, type: 3}
      propertyPath: m_RootOrder
      value: 5
      objectReference: {fileID: 0}
    - target: {fileID: 400002, guid: 9ea92f6a173797342a626d74b525dd4b, type: 3}
      propertyPath: m_LocalEulerAnglesHint.x
      value: 0
      objectReference: {fileID: 0}
    - target: {fileID: 400002, guid: 9ea92f6a173797342a626d74b525dd4b, type: 3}
      propertyPath: m_LocalEulerAnglesHint.y
      value: 0
      objectReference: {fileID: 0}
    - target: {fileID: 400002, guid: 9ea92f6a173797342a626d74b525dd4b, type: 3}
      propertyPath: m_LocalEulerAnglesHint.z
      value: 0
      objectReference: {fileID: 0}
    - target: {fileID: 400002, guid: 9ea92f6a173797342a626d74b525dd4b, type: 3}
      propertyPath: m_LocalScale.x
      value: 15.147422
      objectReference: {fileID: 0}
    - target: {fileID: 400002, guid: 9ea92f6a173797342a626d74b525dd4b, type: 3}
      propertyPath: m_LocalScale.y
      value: 3.475
      objectReference: {fileID: 0}
    - target: {fileID: 400002, guid: 9ea92f6a173797342a626d74b525dd4b, type: 3}
      propertyPath: m_LocalScale.z
      value: 3.475
      objectReference: {fileID: 0}
    m_RemovedComponents: []
  m_SourcePrefab: {fileID: 100100000, guid: 9ea92f6a173797342a626d74b525dd4b, type: 3}
--- !u!1 &8116747574270936490 stripped
GameObject:
  m_CorrespondingSourceObject: {fileID: 100002, guid: 9ea92f6a173797342a626d74b525dd4b,
    type: 3}
  m_PrefabInstance: {fileID: 8116747574270968584}
  m_PrefabAsset: {fileID: 0}
--- !u!4 &8116747574270581130 stripped
Transform:
  m_CorrespondingSourceObject: {fileID: 400002, guid: 9ea92f6a173797342a626d74b525dd4b,
    type: 3}
  m_PrefabInstance: {fileID: 8116747574270968584}
  m_PrefabAsset: {fileID: 0}
--- !u!1001 &8116747575285869707
PrefabInstance:
  m_ObjectHideFlags: 0
  serializedVersion: 2
  m_Modification:
    m_TransformParent: {fileID: 7299221175337903452}
    m_Modifications:
    - target: {fileID: 100006, guid: 7c5af44e337e1c94892ec9760db6179f, type: 3}
      propertyPath: m_Name
      value: Puzzle_Control_Rising_Switch
      objectReference: {fileID: 0}
    - target: {fileID: 100006, guid: 7c5af44e337e1c94892ec9760db6179f, type: 3}
      propertyPath: m_TagString
      value: obs
      objectReference: {fileID: 0}
    - target: {fileID: 400006, guid: 7c5af44e337e1c94892ec9760db6179f, type: 3}
      propertyPath: m_LocalPosition.x
      value: 1.14
      objectReference: {fileID: 0}
    - target: {fileID: 400006, guid: 7c5af44e337e1c94892ec9760db6179f, type: 3}
      propertyPath: m_LocalPosition.y
      value: 0
      objectReference: {fileID: 0}
    - target: {fileID: 400006, guid: 7c5af44e337e1c94892ec9760db6179f, type: 3}
      propertyPath: m_LocalPosition.z
      value: 0
      objectReference: {fileID: 0}
    - target: {fileID: 400006, guid: 7c5af44e337e1c94892ec9760db6179f, type: 3}
      propertyPath: m_LocalRotation.x
      value: 0
      objectReference: {fileID: 0}
    - target: {fileID: 400006, guid: 7c5af44e337e1c94892ec9760db6179f, type: 3}
      propertyPath: m_LocalRotation.y
      value: -0
      objectReference: {fileID: 0}
    - target: {fileID: 400006, guid: 7c5af44e337e1c94892ec9760db6179f, type: 3}
      propertyPath: m_LocalRotation.z
      value: -0
      objectReference: {fileID: 0}
    - target: {fileID: 400006, guid: 7c5af44e337e1c94892ec9760db6179f, type: 3}
      propertyPath: m_LocalRotation.w
      value: 1
      objectReference: {fileID: 0}
    - target: {fileID: 400006, guid: 7c5af44e337e1c94892ec9760db6179f, type: 3}
      propertyPath: m_RootOrder
      value: 3
      objectReference: {fileID: 0}
    - target: {fileID: 400006, guid: 7c5af44e337e1c94892ec9760db6179f, type: 3}
      propertyPath: m_LocalEulerAnglesHint.x
      value: 0
      objectReference: {fileID: 0}
    - target: {fileID: 400006, guid: 7c5af44e337e1c94892ec9760db6179f, type: 3}
      propertyPath: m_LocalEulerAnglesHint.y
      value: 0
      objectReference: {fileID: 0}
    - target: {fileID: 400006, guid: 7c5af44e337e1c94892ec9760db6179f, type: 3}
      propertyPath: m_LocalEulerAnglesHint.z
      value: 0
      objectReference: {fileID: 0}
    - target: {fileID: 400006, guid: 7c5af44e337e1c94892ec9760db6179f, type: 3}
      propertyPath: m_LocalScale.x
      value: 3.475
      objectReference: {fileID: 0}
    - target: {fileID: 400006, guid: 7c5af44e337e1c94892ec9760db6179f, type: 3}
      propertyPath: m_LocalScale.y
      value: 3.475
      objectReference: {fileID: 0}
    - target: {fileID: 400006, guid: 7c5af44e337e1c94892ec9760db6179f, type: 3}
      propertyPath: m_LocalScale.z
      value: 3.475
      objectReference: {fileID: 0}
    m_RemovedComponents: []
  m_SourcePrefab: {fileID: 100100000, guid: 7c5af44e337e1c94892ec9760db6179f, type: 3}
--- !u!1 &8116747575285836333 stripped
GameObject:
  m_CorrespondingSourceObject: {fileID: 100006, guid: 7c5af44e337e1c94892ec9760db6179f,
    type: 3}
  m_PrefabInstance: {fileID: 8116747575285869707}
  m_PrefabAsset: {fileID: 0}
--- !u!4 &8116747575285741069 stripped
Transform:
  m_CorrespondingSourceObject: {fileID: 400006, guid: 7c5af44e337e1c94892ec9760db6179f,
    type: 3}
  m_PrefabInstance: {fileID: 8116747575285869707}
  m_PrefabAsset: {fileID: 0}
--- !u!1001 &8116747575691226442
PrefabInstance:
  m_ObjectHideFlags: 0
  serializedVersion: 2
  m_Modification:
    m_TransformParent: {fileID: 7299221175337903452}
    m_Modifications:
    - target: {fileID: 100004, guid: f66dde87e5b429a49882ccbffb62cf40, type: 3}
      propertyPath: m_Name
      value: Puzzle_Sliding_Key
      objectReference: {fileID: 0}
    - target: {fileID: 100004, guid: f66dde87e5b429a49882ccbffb62cf40, type: 3}
      propertyPath: m_TagString
      value: obs
      objectReference: {fileID: 0}
    - target: {fileID: 400004, guid: f66dde87e5b429a49882ccbffb62cf40, type: 3}
      propertyPath: m_LocalPosition.x
      value: -6.39
      objectReference: {fileID: 0}
    - target: {fileID: 400004, guid: f66dde87e5b429a49882ccbffb62cf40, type: 3}
      propertyPath: m_LocalPosition.y
      value: 0
      objectReference: {fileID: 0}
    - target: {fileID: 400004, guid: f66dde87e5b429a49882ccbffb62cf40, type: 3}
      propertyPath: m_LocalPosition.z
      value: 0
      objectReference: {fileID: 0}
    - target: {fileID: 400004, guid: f66dde87e5b429a49882ccbffb62cf40, type: 3}
      propertyPath: m_LocalRotation.x
      value: 0
      objectReference: {fileID: 0}
    - target: {fileID: 400004, guid: f66dde87e5b429a49882ccbffb62cf40, type: 3}
      propertyPath: m_LocalRotation.y
      value: -0
      objectReference: {fileID: 0}
    - target: {fileID: 400004, guid: f66dde87e5b429a49882ccbffb62cf40, type: 3}
      propertyPath: m_LocalRotation.z
      value: -0
      objectReference: {fileID: 0}
    - target: {fileID: 400004, guid: f66dde87e5b429a49882ccbffb62cf40, type: 3}
      propertyPath: m_LocalRotation.w
      value: 1
      objectReference: {fileID: 0}
    - target: {fileID: 400004, guid: f66dde87e5b429a49882ccbffb62cf40, type: 3}
      propertyPath: m_RootOrder
      value: 4
      objectReference: {fileID: 0}
    - target: {fileID: 400004, guid: f66dde87e5b429a49882ccbffb62cf40, type: 3}
      propertyPath: m_LocalEulerAnglesHint.x
      value: 0
      objectReference: {fileID: 0}
    - target: {fileID: 400004, guid: f66dde87e5b429a49882ccbffb62cf40, type: 3}
      propertyPath: m_LocalEulerAnglesHint.y
      value: 0
      objectReference: {fileID: 0}
    - target: {fileID: 400004, guid: f66dde87e5b429a49882ccbffb62cf40, type: 3}
      propertyPath: m_LocalEulerAnglesHint.z
      value: 0
      objectReference: {fileID: 0}
    - target: {fileID: 400004, guid: f66dde87e5b429a49882ccbffb62cf40, type: 3}
      propertyPath: m_LocalScale.x
      value: 3.475
      objectReference: {fileID: 0}
    - target: {fileID: 400004, guid: f66dde87e5b429a49882ccbffb62cf40, type: 3}
      propertyPath: m_LocalScale.y
      value: 3.475
      objectReference: {fileID: 0}
    - target: {fileID: 400004, guid: f66dde87e5b429a49882ccbffb62cf40, type: 3}
      propertyPath: m_LocalScale.z
      value: 3.475
      objectReference: {fileID: 0}
    m_RemovedComponents: []
  m_SourcePrefab: {fileID: 100100000, guid: f66dde87e5b429a49882ccbffb62cf40, type: 3}
--- !u!1 &8116747575691258862 stripped
GameObject:
  m_CorrespondingSourceObject: {fileID: 100004, guid: f66dde87e5b429a49882ccbffb62cf40,
    type: 3}
  m_PrefabInstance: {fileID: 8116747575691226442}
  m_PrefabAsset: {fileID: 0}
--- !u!4 &8116747575690835918 stripped
Transform:
  m_CorrespondingSourceObject: {fileID: 400004, guid: f66dde87e5b429a49882ccbffb62cf40,
    type: 3}
  m_PrefabInstance: {fileID: 8116747575691226442}
  m_PrefabAsset: {fileID: 0}
