%YAML 1.1
%TAG !u! tag:unity3d.com,2011:
--- !u!54 &2802083634976435878
Rigidbody:
  m_ObjectHideFlags: 0
  m_CorrespondingSourceObject: {fileID: 0}
  m_PrefabInstance: {fileID: 0}
  m_PrefabAsset: {fileID: 0}
  m_GameObject: {fileID: 4075414147607433990}
  serializedVersion: 2
  m_Mass: 1
  m_Drag: 0
  m_AngularDrag: 0.05
  m_UseGravity: 0
  m_IsKinematic: 1
  m_Interpolate: 0
  m_Constraints: 0
  m_CollisionDetection: 0
--- !u!65 &4350937451899497259
BoxCollider:
  m_ObjectHideFlags: 0
  m_CorrespondingSourceObject: {fileID: 0}
  m_PrefabInstance: {fileID: 0}
  m_PrefabAsset: {fileID: 0}
  m_GameObject: {fileID: 4075414147607433990}
  m_Material: {fileID: 0}
  m_IsTrigger: 1
  m_Enabled: 1
  serializedVersion: 2
  m_Size: {x: 1, y: 1.605002, z: 2.0154166}
  m_Center: {x: 0, y: 0.76013154, z: 1.0022277}
--- !u!1 &4500237718536160611
GameObject:
  m_ObjectHideFlags: 0
  m_CorrespondingSourceObject: {fileID: 0}
  m_PrefabInstance: {fileID: 0}
  m_PrefabAsset: {fileID: 0}
  serializedVersion: 6
  m_Component:
  - component: {fileID: 4500237718536160610}
  - component: {fileID: 4500237718536160637}
  m_Layer: 0
  m_Name: obs4
  m_TagString: Untagged
  m_Icon: {fileID: 0}
  m_NavMeshLayer: 0
  m_StaticEditorFlags: 0
  m_IsActive: 1
--- !u!4 &4500237718536160610
Transform:
  m_ObjectHideFlags: 0
  m_CorrespondingSourceObject: {fileID: 0}
  m_PrefabInstance: {fileID: 0}
  m_PrefabAsset: {fileID: 0}
  m_GameObject: {fileID: 4500237718536160611}
  m_LocalRotation: {x: 0, y: 0, z: 0, w: 1}
  m_LocalPosition: {x: -0.05, y: 0.5, z: 12.73}
  m_LocalScale: {x: 1, y: 1, z: 1}
  m_Children:
  - {fileID: 4500237719318993734}
  - {fileID: 4500237719384317076}
  - {fileID: 4500237718550669080}
  - {fileID: 4075414147607138086}
  - {fileID: 5952746637262854941}
  - {fileID: 4687945592004040729}
  - {fileID: 2942449786532574853}
  - {fileID: 135491577627552854}
  - {fileID: 4587428312336936044}
  m_Father: {fileID: 0}
  m_RootOrder: 0
  m_LocalEulerAnglesHint: {x: 0, y: 0, z: 0}
--- !u!114 &4500237718536160637
MonoBehaviour:
  m_ObjectHideFlags: 0
  m_CorrespondingSourceObject: {fileID: 0}
  m_PrefabInstance: {fileID: 0}
  m_PrefabAsset: {fileID: 0}
  m_GameObject: {fileID: 4500237718536160611}
  m_Enabled: 1
  m_EditorHideFlags: 0
  m_Script: {fileID: 11500000, guid: e3533c322391b0a4192533a29c83b4e4, type: 3}
  m_Name: 
  m_EditorClassIdentifier: 
  speed: 7
--- !u!54 &5959815224287351088
Rigidbody:
  m_ObjectHideFlags: 0
  m_CorrespondingSourceObject: {fileID: 0}
  m_PrefabInstance: {fileID: 0}
  m_PrefabAsset: {fileID: 0}
  m_GameObject: {fileID: 4587428312337231948}
  serializedVersion: 2
  m_Mass: 1
  m_Drag: 0
  m_AngularDrag: 0.05
  m_UseGravity: 0
  m_IsKinematic: 1
  m_Interpolate: 0
  m_Constraints: 0
  m_CollisionDetection: 0
--- !u!65 &817519013726366597
BoxCollider:
  m_ObjectHideFlags: 0
  m_CorrespondingSourceObject: {fileID: 0}
  m_PrefabInstance: {fileID: 0}
  m_PrefabAsset: {fileID: 0}
  m_GameObject: {fileID: 4587428312337231948}
  m_Material: {fileID: 0}
  m_IsTrigger: 1
  m_Enabled: 1
  serializedVersion: 2
  m_Size: {x: 1, y: 1.5894897, z: 2.008822}
  m_Center: {x: 0, y: 0.7601317, z: 1.0253053}
--- !u!1001 &135491577627424468
PrefabInstance:
  m_ObjectHideFlags: 0
  serializedVersion: 2
  m_Modification:
    m_TransformParent: {fileID: 4500237718536160610}
    m_Modifications:
    - target: {fileID: 100002, guid: 27a25c7db6e672748a5618559124309e, type: 3}
      propertyPath: m_Name
      value: Tower_Parapet_Braced_Crowned (1)
      objectReference: {fileID: 0}
    - target: {fileID: 400002, guid: 27a25c7db6e672748a5618559124309e, type: 3}
      propertyPath: m_LocalPosition.x
      value: -4.4399996
      objectReference: {fileID: 0}
    - target: {fileID: 400002, guid: 27a25c7db6e672748a5618559124309e, type: 3}
      propertyPath: m_LocalPosition.y
      value: 8.89
      objectReference: {fileID: 0}
    - target: {fileID: 400002, guid: 27a25c7db6e672748a5618559124309e, type: 3}
      propertyPath: m_LocalPosition.z
      value: 0.14999962
      objectReference: {fileID: 0}
    - target: {fileID: 400002, guid: 27a25c7db6e672748a5618559124309e, type: 3}
      propertyPath: m_LocalRotation.x
      value: -0
      objectReference: {fileID: 0}
    - target: {fileID: 400002, guid: 27a25c7db6e672748a5618559124309e, type: 3}
      propertyPath: m_LocalRotation.y
      value: -0
      objectReference: {fileID: 0}
    - target: {fileID: 400002, guid: 27a25c7db6e672748a5618559124309e, type: 3}
      propertyPath: m_LocalRotation.z
      value: -0
      objectReference: {fileID: 0}
    - target: {fileID: 400002, guid: 27a25c7db6e672748a5618559124309e, type: 3}
      propertyPath: m_LocalRotation.w
      value: 1
      objectReference: {fileID: 0}
    - target: {fileID: 400002, guid: 27a25c7db6e672748a5618559124309e, type: 3}
      propertyPath: m_RootOrder
      value: 7
      objectReference: {fileID: 0}
    - target: {fileID: 400002, guid: 27a25c7db6e672748a5618559124309e, type: 3}
      propertyPath: m_LocalEulerAnglesHint.x
      value: 0
      objectReference: {fileID: 0}
    - target: {fileID: 400002, guid: 27a25c7db6e672748a5618559124309e, type: 3}
      propertyPath: m_LocalEulerAnglesHint.y
      value: 0
      objectReference: {fileID: 0}
    - target: {fileID: 400002, guid: 27a25c7db6e672748a5618559124309e, type: 3}
      propertyPath: m_LocalEulerAnglesHint.z
      value: 0
      objectReference: {fileID: 0}
    m_RemovedComponents: []
  m_SourcePrefab: {fileID: 100100000, guid: 27a25c7db6e672748a5618559124309e, type: 3}
--- !u!4 &135491577627552854 stripped
Transform:
  m_CorrespondingSourceObject: {fileID: 400002, guid: 27a25c7db6e672748a5618559124309e,
    type: 3}
  m_PrefabInstance: {fileID: 135491577627424468}
  m_PrefabAsset: {fileID: 0}
--- !u!1001 &2942449786532703233
PrefabInstance:
  m_ObjectHideFlags: 0
  serializedVersion: 2
  m_Modification:
    m_TransformParent: {fileID: 4500237718536160610}
    m_Modifications:
    - target: {fileID: 100004, guid: e08e6ab40a24fc6488c5f1230e26c045, type: 3}
      propertyPath: m_Name
      value: Stairs_Newel_Top (1)
      objectReference: {fileID: 0}
    - target: {fileID: 400004, guid: e08e6ab40a24fc6488c5f1230e26c045, type: 3}
      propertyPath: m_LocalPosition.x
      value: -7.22
      objectReference: {fileID: 0}
    - target: {fileID: 400004, guid: e08e6ab40a24fc6488c5f1230e26c045, type: 3}
      propertyPath: m_LocalPosition.y
      value: 7.5600004
      objectReference: {fileID: 0}
    - target: {fileID: 400004, guid: e08e6ab40a24fc6488c5f1230e26c045, type: 3}
      propertyPath: m_LocalPosition.z
      value: -1.6999998
      objectReference: {fileID: 0}
    - target: {fileID: 400004, guid: e08e6ab40a24fc6488c5f1230e26c045, type: 3}
      propertyPath: m_LocalRotation.x
      value: -0
      objectReference: {fileID: 0}
    - target: {fileID: 400004, guid: e08e6ab40a24fc6488c5f1230e26c045, type: 3}
      propertyPath: m_LocalRotation.y
      value: -0
      objectReference: {fileID: 0}
    - target: {fileID: 400004, guid: e08e6ab40a24fc6488c5f1230e26c045, type: 3}
      propertyPath: m_LocalRotation.z
      value: -0
      objectReference: {fileID: 0}
    - target: {fileID: 400004, guid: e08e6ab40a24fc6488c5f1230e26c045, type: 3}
      propertyPath: m_LocalRotation.w
      value: 1
      objectReference: {fileID: 0}
    - target: {fileID: 400004, guid: e08e6ab40a24fc6488c5f1230e26c045, type: 3}
      propertyPath: m_RootOrder
      value: 6
      objectReference: {fileID: 0}
    - target: {fileID: 400004, guid: e08e6ab40a24fc6488c5f1230e26c045, type: 3}
      propertyPath: m_LocalEulerAnglesHint.x
      value: 0
      objectReference: {fileID: 0}
    - target: {fileID: 400004, guid: e08e6ab40a24fc6488c5f1230e26c045, type: 3}
      propertyPath: m_LocalEulerAnglesHint.y
      value: 0
      objectReference: {fileID: 0}
    - target: {fileID: 400004, guid: e08e6ab40a24fc6488c5f1230e26c045, type: 3}
      propertyPath: m_LocalEulerAnglesHint.z
      value: 0
      objectReference: {fileID: 0}
    - target: {fileID: 400004, guid: e08e6ab40a24fc6488c5f1230e26c045, type: 3}
      propertyPath: m_LocalScale.x
      value: 5.4726996
      objectReference: {fileID: 0}
    - target: {fileID: 400004, guid: e08e6ab40a24fc6488c5f1230e26c045, type: 3}
      propertyPath: m_LocalScale.y
      value: 2.49719
      objectReference: {fileID: 0}
    - target: {fileID: 400004, guid: e08e6ab40a24fc6488c5f1230e26c045, type: 3}
      propertyPath: m_LocalScale.z
      value: 3.83494
      objectReference: {fileID: 0}
    m_RemovedComponents: []
  m_SourcePrefab: {fileID: 100100000, guid: e08e6ab40a24fc6488c5f1230e26c045, type: 3}
--- !u!4 &2942449786532574853 stripped
Transform:
  m_CorrespondingSourceObject: {fileID: 400004, guid: e08e6ab40a24fc6488c5f1230e26c045,
    type: 3}
  m_PrefabInstance: {fileID: 2942449786532703233}
  m_PrefabAsset: {fileID: 0}
--- !u!1001 &4075414147607532964
PrefabInstance:
  m_ObjectHideFlags: 0
  serializedVersion: 2
  m_Modification:
    m_TransformParent: {fileID: 4500237718536160610}
    m_Modifications:
    - target: {fileID: 100002, guid: e212a87092cd72e4c83b1024f62efaa5, type: 3}
      propertyPath: m_Name
      value: Wall_Straight_Door_Eclipse
      objectReference: {fileID: 0}
    - target: {fileID: 100002, guid: e212a87092cd72e4c83b1024f62efaa5, type: 3}
      propertyPath: m_TagString
      value: obs
      objectReference: {fileID: 0}
    - target: {fileID: 400002, guid: e212a87092cd72e4c83b1024f62efaa5, type: 3}
      propertyPath: m_LocalPosition.x
      value: 4.31
      objectReference: {fileID: 0}
    - target: {fileID: 400002, guid: e212a87092cd72e4c83b1024f62efaa5, type: 3}
      propertyPath: m_LocalPosition.y
      value: 0
      objectReference: {fileID: 0}
    - target: {fileID: 400002, guid: e212a87092cd72e4c83b1024f62efaa5, type: 3}
      propertyPath: m_LocalPosition.z
      value: -1.98
      objectReference: {fileID: 0}
    - target: {fileID: 400002, guid: e212a87092cd72e4c83b1024f62efaa5, type: 3}
      propertyPath: m_LocalRotation.x
      value: 0
      objectReference: {fileID: 0}
    - target: {fileID: 400002, guid: e212a87092cd72e4c83b1024f62efaa5, type: 3}
      propertyPath: m_LocalRotation.y
      value: -0
      objectReference: {fileID: 0}
    - target: {fileID: 400002, guid: e212a87092cd72e4c83b1024f62efaa5, type: 3}
      propertyPath: m_LocalRotation.z
      value: -0
      objectReference: {fileID: 0}
    - target: {fileID: 400002, guid: e212a87092cd72e4c83b1024f62efaa5, type: 3}
      propertyPath: m_LocalRotation.w
      value: 1
      objectReference: {fileID: 0}
    - target: {fileID: 400002, guid: e212a87092cd72e4c83b1024f62efaa5, type: 3}
      propertyPath: m_RootOrder
      value: 3
      objectReference: {fileID: 0}
    - target: {fileID: 400002, guid: e212a87092cd72e4c83b1024f62efaa5, type: 3}
      propertyPath: m_LocalEulerAnglesHint.x
      value: 0
      objectReference: {fileID: 0}
    - target: {fileID: 400002, guid: e212a87092cd72e4c83b1024f62efaa5, type: 3}
      propertyPath: m_LocalEulerAnglesHint.y
      value: 0
      objectReference: {fileID: 0}
    - target: {fileID: 400002, guid: e212a87092cd72e4c83b1024f62efaa5, type: 3}
      propertyPath: m_LocalEulerAnglesHint.z
      value: 0
      objectReference: {fileID: 0}
    - target: {fileID: 400002, guid: e212a87092cd72e4c83b1024f62efaa5, type: 3}
      propertyPath: m_LocalScale.x
      value: 4.2562
      objectReference: {fileID: 0}
    - target: {fileID: 400002, guid: e212a87092cd72e4c83b1024f62efaa5, type: 3}
      propertyPath: m_LocalScale.y
      value: 3.6181104
      objectReference: {fileID: 0}
    - target: {fileID: 400002, guid: e212a87092cd72e4c83b1024f62efaa5, type: 3}
      propertyPath: m_LocalScale.z
      value: 4.2562
      objectReference: {fileID: 0}
    m_RemovedComponents: []
  m_SourcePrefab: {fileID: 100100000, guid: e212a87092cd72e4c83b1024f62efaa5, type: 3}
--- !u!1 &4075414147607433990 stripped
GameObject:
  m_CorrespondingSourceObject: {fileID: 100002, guid: e212a87092cd72e4c83b1024f62efaa5,
    type: 3}
  m_PrefabInstance: {fileID: 4075414147607532964}
  m_PrefabAsset: {fileID: 0}
--- !u!4 &4075414147607138086 stripped
Transform:
  m_CorrespondingSourceObject: {fileID: 400002, guid: e212a87092cd72e4c83b1024f62efaa5,
    type: 3}
  m_PrefabInstance: {fileID: 4075414147607532964}
  m_PrefabAsset: {fileID: 0}
--- !u!1001 &4500237718550281626
PrefabInstance:
  m_ObjectHideFlags: 0
  serializedVersion: 2
  m_Modification:
    m_TransformParent: {fileID: 4500237718536160610}
    m_Modifications:
    - target: {fileID: 100002, guid: 27a25c7db6e672748a5618559124309e, type: 3}
      propertyPath: m_Name
      value: Tower_Parapet_Braced_Crowned
      objectReference: {fileID: 0}
    - target: {fileID: 400002, guid: 27a25c7db6e672748a5618559124309e, type: 3}
      propertyPath: m_LocalPosition.x
      value: 4.4500003
      objectReference: {fileID: 0}
    - target: {fileID: 400002, guid: 27a25c7db6e672748a5618559124309e, type: 3}
      propertyPath: m_LocalPosition.y
      value: 8.92
      objectReference: {fileID: 0}
    - target: {fileID: 400002, guid: 27a25c7db6e672748a5618559124309e, type: 3}
      propertyPath: m_LocalPosition.z
      value: 0.1500001
      objectReference: {fileID: 0}
    - target: {fileID: 400002, guid: 27a25c7db6e672748a5618559124309e, type: 3}
      propertyPath: m_LocalRotation.x
      value: -0
      objectReference: {fileID: 0}
    - target: {fileID: 400002, guid: 27a25c7db6e672748a5618559124309e, type: 3}
      propertyPath: m_LocalRotation.y
      value: -0
      objectReference: {fileID: 0}
    - target: {fileID: 400002, guid: 27a25c7db6e672748a5618559124309e, type: 3}
      propertyPath: m_LocalRotation.z
      value: -0
      objectReference: {fileID: 0}
    - target: {fileID: 400002, guid: 27a25c7db6e672748a5618559124309e, type: 3}
      propertyPath: m_LocalRotation.w
      value: 1
      objectReference: {fileID: 0}
    - target: {fileID: 400002, guid: 27a25c7db6e672748a5618559124309e, type: 3}
      propertyPath: m_RootOrder
      value: 2
      objectReference: {fileID: 0}
    - target: {fileID: 400002, guid: 27a25c7db6e672748a5618559124309e, type: 3}
      propertyPath: m_LocalEulerAnglesHint.x
      value: 0
      objectReference: {fileID: 0}
    - target: {fileID: 400002, guid: 27a25c7db6e672748a5618559124309e, type: 3}
      propertyPath: m_LocalEulerAnglesHint.y
      value: 0
      objectReference: {fileID: 0}
    - target: {fileID: 400002, guid: 27a25c7db6e672748a5618559124309e, type: 3}
      propertyPath: m_LocalEulerAnglesHint.z
      value: 0
      objectReference: {fileID: 0}
    m_RemovedComponents: []
  m_SourcePrefab: {fileID: 100100000, guid: 27a25c7db6e672748a5618559124309e, type: 3}
--- !u!4 &4500237718550669080 stripped
Transform:
  m_CorrespondingSourceObject: {fileID: 400002, guid: 27a25c7db6e672748a5618559124309e,
    type: 3}
  m_PrefabInstance: {fileID: 4500237718550281626}
  m_PrefabAsset: {fileID: 0}
--- !u!1001 &4500237719319118274
PrefabInstance:
  m_ObjectHideFlags: 0
  serializedVersion: 2
  m_Modification:
    m_TransformParent: {fileID: 4500237718536160610}
    m_Modifications:
    - target: {fileID: 100004, guid: c5512255813b2bd4291eea78bc6e896d, type: 3}
      propertyPath: m_Name
      value: Wall_Straight_Doorway
      objectReference: {fileID: 0}
    - target: {fileID: 400004, guid: c5512255813b2bd4291eea78bc6e896d, type: 3}
      propertyPath: m_LocalPosition.x
      value: 4.31
      objectReference: {fileID: 0}
    - target: {fileID: 400004, guid: c5512255813b2bd4291eea78bc6e896d, type: 3}
      propertyPath: m_LocalPosition.y
      value: -0.5
      objectReference: {fileID: 0}
    - target: {fileID: 400004, guid: c5512255813b2bd4291eea78bc6e896d, type: 3}
      propertyPath: m_LocalPosition.z
      value: -1.8499999
      objectReference: {fileID: 0}
    - target: {fileID: 400004, guid: c5512255813b2bd4291eea78bc6e896d, type: 3}
      propertyPath: m_LocalRotation.x
      value: -0
      objectReference: {fileID: 0}
    - target: {fileID: 400004, guid: c5512255813b2bd4291eea78bc6e896d, type: 3}
      propertyPath: m_LocalRotation.y
      value: -0
      objectReference: {fileID: 0}
    - target: {fileID: 400004, guid: c5512255813b2bd4291eea78bc6e896d, type: 3}
      propertyPath: m_LocalRotation.z
      value: -0
      objectReference: {fileID: 0}
    - target: {fileID: 400004, guid: c5512255813b2bd4291eea78bc6e896d, type: 3}
      propertyPath: m_LocalRotation.w
      value: 1
      objectReference: {fileID: 0}
    - target: {fileID: 400004, guid: c5512255813b2bd4291eea78bc6e896d, type: 3}
      propertyPath: m_RootOrder
      value: 0
      objectReference: {fileID: 0}
    - target: {fileID: 400004, guid: c5512255813b2bd4291eea78bc6e896d, type: 3}
      propertyPath: m_LocalEulerAnglesHint.x
      value: 0
      objectReference: {fileID: 0}
    - target: {fileID: 400004, guid: c5512255813b2bd4291eea78bc6e896d, type: 3}
      propertyPath: m_LocalEulerAnglesHint.y
      value: 0
      objectReference: {fileID: 0}
    - target: {fileID: 400004, guid: c5512255813b2bd4291eea78bc6e896d, type: 3}
      propertyPath: m_LocalEulerAnglesHint.z
      value: 0
      objectReference: {fileID: 0}
    - target: {fileID: 400004, guid: c5512255813b2bd4291eea78bc6e896d, type: 3}
      propertyPath: m_LocalScale.x
      value: 4.0156
      objectReference: {fileID: 0}
    - target: {fileID: 400004, guid: c5512255813b2bd4291eea78bc6e896d, type: 3}
      propertyPath: m_LocalScale.y
      value: 4.0156
      objectReference: {fileID: 0}
    - target: {fileID: 400004, guid: c5512255813b2bd4291eea78bc6e896d, type: 3}
      propertyPath: m_LocalScale.z
      value: 4.0156
      objectReference: {fileID: 0}
    m_RemovedComponents: []
  m_SourcePrefab: {fileID: 100100000, guid: c5512255813b2bd4291eea78bc6e896d, type: 3}
--- !u!4 &4500237719318993734 stripped
Transform:
  m_CorrespondingSourceObject: {fileID: 400004, guid: c5512255813b2bd4291eea78bc6e896d,
    type: 3}
  m_PrefabInstance: {fileID: 4500237719319118274}
  m_PrefabAsset: {fileID: 0}
--- !u!1001 &4500237719383918096
PrefabInstance:
  m_ObjectHideFlags: 0
  serializedVersion: 2
  m_Modification:
    m_TransformParent: {fileID: 4500237718536160610}
    m_Modifications:
    - target: {fileID: 100004, guid: e08e6ab40a24fc6488c5f1230e26c045, type: 3}
      propertyPath: m_Name
      value: Stairs_Newel_Top
      objectReference: {fileID: 0}
    - target: {fileID: 400004, guid: e08e6ab40a24fc6488c5f1230e26c045, type: 3}
      propertyPath: m_LocalPosition.x
      value: 1.67
      objectReference: {fileID: 0}
    - target: {fileID: 400004, guid: e08e6ab40a24fc6488c5f1230e26c045, type: 3}
      propertyPath: m_LocalPosition.y
      value: 7.59
      objectReference: {fileID: 0}
    - target: {fileID: 400004, guid: e08e6ab40a24fc6488c5f1230e26c045, type: 3}
      propertyPath: m_LocalPosition.z
      value: -1.6999998
      objectReference: {fileID: 0}
    - target: {fileID: 400004, guid: e08e6ab40a24fc6488c5f1230e26c045, type: 3}
      propertyPath: m_LocalRotation.x
      value: -0
      objectReference: {fileID: 0}
    - target: {fileID: 400004, guid: e08e6ab40a24fc6488c5f1230e26c045, type: 3}
      propertyPath: m_LocalRotation.y
      value: -0
      objectReference: {fileID: 0}
    - target: {fileID: 400004, guid: e08e6ab40a24fc6488c5f1230e26c045, type: 3}
      propertyPath: m_LocalRotation.z
      value: -0
      objectReference: {fileID: 0}
    - target: {fileID: 400004, guid: e08e6ab40a24fc6488c5f1230e26c045, type: 3}
      propertyPath: m_LocalRotation.w
      value: 1
      objectReference: {fileID: 0}
    - target: {fileID: 400004, guid: e08e6ab40a24fc6488c5f1230e26c045, type: 3}
      propertyPath: m_RootOrder
      value: 1
      objectReference: {fileID: 0}
    - target: {fileID: 400004, guid: e08e6ab40a24fc6488c5f1230e26c045, type: 3}
      propertyPath: m_LocalEulerAnglesHint.x
      value: 0
      objectReference: {fileID: 0}
    - target: {fileID: 400004, guid: e08e6ab40a24fc6488c5f1230e26c045, type: 3}
      propertyPath: m_LocalEulerAnglesHint.y
      value: 0
      objectReference: {fileID: 0}
    - target: {fileID: 400004, guid: e08e6ab40a24fc6488c5f1230e26c045, type: 3}
      propertyPath: m_LocalEulerAnglesHint.z
      value: 0
      objectReference: {fileID: 0}
    - target: {fileID: 400004, guid: e08e6ab40a24fc6488c5f1230e26c045, type: 3}
      propertyPath: m_LocalScale.x
      value: 5.4727
      objectReference: {fileID: 0}
    - target: {fileID: 400004, guid: e08e6ab40a24fc6488c5f1230e26c045, type: 3}
      propertyPath: m_LocalScale.y
      value: 2.497193
      objectReference: {fileID: 0}
    - target: {fileID: 400004, guid: e08e6ab40a24fc6488c5f1230e26c045, type: 3}
      propertyPath: m_LocalScale.z
      value: 3.8349397
      objectReference: {fileID: 0}
    m_RemovedComponents: []
  m_SourcePrefab: {fileID: 100100000, guid: e08e6ab40a24fc6488c5f1230e26c045, type: 3}
--- !u!4 &4500237719384317076 stripped
Transform:
  m_CorrespondingSourceObject: {fileID: 400004, guid: e08e6ab40a24fc6488c5f1230e26c045,
    type: 3}
  m_PrefabInstance: {fileID: 4500237719383918096}
  m_PrefabAsset: {fileID: 0}
--- !u!1001 &4587428312337331950
PrefabInstance:
  m_ObjectHideFlags: 0
  serializedVersion: 2
  m_Modification:
    m_TransformParent: {fileID: 4500237718536160610}
    m_Modifications:
    - target: {fileID: 100002, guid: e212a87092cd72e4c83b1024f62efaa5, type: 3}
      propertyPath: m_Name
      value: Wall_Straight_Door_Eclipse (1)
      objectReference: {fileID: 0}
    - target: {fileID: 100002, guid: e212a87092cd72e4c83b1024f62efaa5, type: 3}
      propertyPath: m_TagString
      value: obs
      objectReference: {fileID: 0}
    - target: {fileID: 400002, guid: e212a87092cd72e4c83b1024f62efaa5, type: 3}
      propertyPath: m_LocalPosition.x
      value: -4.62
      objectReference: {fileID: 0}
    - target: {fileID: 400002, guid: e212a87092cd72e4c83b1024f62efaa5, type: 3}
      propertyPath: m_LocalPosition.y
      value: 0
      objectReference: {fileID: 0}
    - target: {fileID: 400002, guid: e212a87092cd72e4c83b1024f62efaa5, type: 3}
      propertyPath: m_LocalPosition.z
      value: -1.98
      objectReference: {fileID: 0}
    - target: {fileID: 400002, guid: e212a87092cd72e4c83b1024f62efaa5, type: 3}
      propertyPath: m_LocalRotation.x
      value: 0
      objectReference: {fileID: 0}
    - target: {fileID: 400002, guid: e212a87092cd72e4c83b1024f62efaa5, type: 3}
      propertyPath: m_LocalRotation.y
      value: -0
      objectReference: {fileID: 0}
    - target: {fileID: 400002, guid: e212a87092cd72e4c83b1024f62efaa5, type: 3}
      propertyPath: m_LocalRotation.z
      value: -0
      objectReference: {fileID: 0}
    - target: {fileID: 400002, guid: e212a87092cd72e4c83b1024f62efaa5, type: 3}
      propertyPath: m_LocalRotation.w
      value: 1
      objectReference: {fileID: 0}
    - target: {fileID: 400002, guid: e212a87092cd72e4c83b1024f62efaa5, type: 3}
      propertyPath: m_RootOrder
      value: 8
      objectReference: {fileID: 0}
    - target: {fileID: 400002, guid: e212a87092cd72e4c83b1024f62efaa5, type: 3}
      propertyPath: m_LocalEulerAnglesHint.x
      value: 0
      objectReference: {fileID: 0}
    - target: {fileID: 400002, guid: e212a87092cd72e4c83b1024f62efaa5, type: 3}
      propertyPath: m_LocalEulerAnglesHint.y
      value: 0
      objectReference: {fileID: 0}
    - target: {fileID: 400002, guid: e212a87092cd72e4c83b1024f62efaa5, type: 3}
      propertyPath: m_LocalEulerAnglesHint.z
      value: 0
      objectReference: {fileID: 0}
    - target: {fileID: 400002, guid: e212a87092cd72e4c83b1024f62efaa5, type: 3}
      propertyPath: m_LocalScale.x
      value: 4.2562
      objectReference: {fileID: 0}
    - target: {fileID: 400002, guid: e212a87092cd72e4c83b1024f62efaa5, type: 3}
      propertyPath: m_LocalScale.y
      value: 3.6181104
      objectReference: {fileID: 0}
    - target: {fileID: 400002, guid: e212a87092cd72e4c83b1024f62efaa5, type: 3}
      propertyPath: m_LocalScale.z
      value: 4.2562
      objectReference: {fileID: 0}
    m_RemovedComponents: []
  m_SourcePrefab: {fileID: 100100000, guid: e212a87092cd72e4c83b1024f62efaa5, type: 3}
--- !u!1 &4587428312337231948 stripped
GameObject:
  m_CorrespondingSourceObject: {fileID: 100002, guid: e212a87092cd72e4c83b1024f62efaa5,
    type: 3}
  m_PrefabInstance: {fileID: 4587428312337331950}
  m_PrefabAsset: {fileID: 0}
--- !u!4 &4587428312336936044 stripped
Transform:
  m_CorrespondingSourceObject: {fileID: 400002, guid: e212a87092cd72e4c83b1024f62efaa5,
    type: 3}
  m_PrefabInstance: {fileID: 4587428312337331950}
  m_PrefabAsset: {fileID: 0}
--- !u!1001 &4687945592004166301
PrefabInstance:
  m_ObjectHideFlags: 0
  serializedVersion: 2
  m_Modification:
    m_TransformParent: {fileID: 4500237718536160610}
    m_Modifications:
    - target: {fileID: 100004, guid: c5512255813b2bd4291eea78bc6e896d, type: 3}
      propertyPath: m_Name
      value: Wall_Straight_Doorway (1)
      objectReference: {fileID: 0}
    - target: {fileID: 400004, guid: c5512255813b2bd4291eea78bc6e896d, type: 3}
      propertyPath: m_LocalPosition.x
      value: -4.58
      objectReference: {fileID: 0}
    - target: {fileID: 400004, guid: c5512255813b2bd4291eea78bc6e896d, type: 3}
      propertyPath: m_LocalPosition.y
      value: -0.53
      objectReference: {fileID: 0}
    - target: {fileID: 400004, guid: c5512255813b2bd4291eea78bc6e896d, type: 3}
      propertyPath: m_LocalPosition.z
      value: -1.85
      objectReference: {fileID: 0}
    - target: {fileID: 400004, guid: c5512255813b2bd4291eea78bc6e896d, type: 3}
      propertyPath: m_LocalRotation.x
      value: -0
      objectReference: {fileID: 0}
    - target: {fileID: 400004, guid: c5512255813b2bd4291eea78bc6e896d, type: 3}
      propertyPath: m_LocalRotation.y
      value: -0
      objectReference: {fileID: 0}
    - target: {fileID: 400004, guid: c5512255813b2bd4291eea78bc6e896d, type: 3}
      propertyPath: m_LocalRotation.z
      value: -0
      objectReference: {fileID: 0}
    - target: {fileID: 400004, guid: c5512255813b2bd4291eea78bc6e896d, type: 3}
      propertyPath: m_LocalRotation.w
      value: 1
      objectReference: {fileID: 0}
    - target: {fileID: 400004, guid: c5512255813b2bd4291eea78bc6e896d, type: 3}
      propertyPath: m_RootOrder
      value: 5
      objectReference: {fileID: 0}
    - target: {fileID: 400004, guid: c5512255813b2bd4291eea78bc6e896d, type: 3}
      propertyPath: m_LocalEulerAnglesHint.x
      value: 0
      objectReference: {fileID: 0}
    - target: {fileID: 400004, guid: c5512255813b2bd4291eea78bc6e896d, type: 3}
      propertyPath: m_LocalEulerAnglesHint.y
      value: 0
      objectReference: {fileID: 0}
    - target: {fileID: 400004, guid: c5512255813b2bd4291eea78bc6e896d, type: 3}
      propertyPath: m_LocalEulerAnglesHint.z
      value: 0
      objectReference: {fileID: 0}
    - target: {fileID: 400004, guid: c5512255813b2bd4291eea78bc6e896d, type: 3}
      propertyPath: m_LocalScale.x
      value: 4.0155997
      objectReference: {fileID: 0}
    - target: {fileID: 400004, guid: c5512255813b2bd4291eea78bc6e896d, type: 3}
      propertyPath: m_LocalScale.y
      value: 4.0155997
      objectReference: {fileID: 0}
    - target: {fileID: 400004, guid: c5512255813b2bd4291eea78bc6e896d, type: 3}
      propertyPath: m_LocalScale.z
      value: 4.0155997
      objectReference: {fileID: 0}
    m_RemovedComponents: []
  m_SourcePrefab: {fileID: 100100000, guid: c5512255813b2bd4291eea78bc6e896d, type: 3}
--- !u!4 &4687945592004040729 stripped
Transform:
  m_CorrespondingSourceObject: {fileID: 400004, guid: c5512255813b2bd4291eea78bc6e896d,
    type: 3}
  m_PrefabInstance: {fileID: 4687945592004166301}
  m_PrefabAsset: {fileID: 0}
--- !u!1001 &5952746637262717343
PrefabInstance:
  m_ObjectHideFlags: 0
  serializedVersion: 2
  m_Modification:
    m_TransformParent: {fileID: 4500237718536160610}
    m_Modifications:
    - target: {fileID: 100002, guid: 8614e31cf394dd8449721e98379fd5f7, type: 3}
      propertyPath: m_Name
      value: Wall_Straight_Doorway_Large_Extension
      objectReference: {fileID: 0}
    - target: {fileID: 400002, guid: 8614e31cf394dd8449721e98379fd5f7, type: 3}
      propertyPath: m_LocalPosition.x
      value: -1.13
      objectReference: {fileID: 0}
    - target: {fileID: 400002, guid: 8614e31cf394dd8449721e98379fd5f7, type: 3}
      propertyPath: m_LocalPosition.y
      value: 0
      objectReference: {fileID: 0}
    - target: {fileID: 400002, guid: 8614e31cf394dd8449721e98379fd5f7, type: 3}
      propertyPath: m_LocalPosition.z
      value: 3.14
      objectReference: {fileID: 0}
    - target: {fileID: 400002, guid: 8614e31cf394dd8449721e98379fd5f7, type: 3}
      propertyPath: m_LocalRotation.x
      value: 0
      objectReference: {fileID: 0}
    - target: {fileID: 400002, guid: 8614e31cf394dd8449721e98379fd5f7, type: 3}
      propertyPath: m_LocalRotation.y
      value: -0
      objectReference: {fileID: 0}
    - target: {fileID: 400002, guid: 8614e31cf394dd8449721e98379fd5f7, type: 3}
      propertyPath: m_LocalRotation.z
      value: -0
      objectReference: {fileID: 0}
    - target: {fileID: 400002, guid: 8614e31cf394dd8449721e98379fd5f7, type: 3}
      propertyPath: m_LocalRotation.w
      value: 1
      objectReference: {fileID: 0}
    - target: {fileID: 400002, guid: 8614e31cf394dd8449721e98379fd5f7, type: 3}
      propertyPath: m_RootOrder
      value: 4
      objectReference: {fileID: 0}
    - target: {fileID: 400002, guid: 8614e31cf394dd8449721e98379fd5f7, type: 3}
      propertyPath: m_LocalEulerAnglesHint.x
      value: 0
      objectReference: {fileID: 0}
    - target: {fileID: 400002, guid: 8614e31cf394dd8449721e98379fd5f7, type: 3}
      propertyPath: m_LocalEulerAnglesHint.y
      value: 0
      objectReference: {fileID: 0}
    - target: {fileID: 400002, guid: 8614e31cf394dd8449721e98379fd5f7, type: 3}
      propertyPath: m_LocalEulerAnglesHint.z
      value: 0
      objectReference: {fileID: 0}
    - target: {fileID: 400002, guid: 8614e31cf394dd8449721e98379fd5f7, type: 3}
      propertyPath: m_LocalScale.x
      value: 2.020654
      objectReference: {fileID: 0}
    - target: {fileID: 400002, guid: 8614e31cf394dd8449721e98379fd5f7, type: 3}
      propertyPath: m_LocalScale.y
      value: 2.020654
      objectReference: {fileID: 0}
    - target: {fileID: 400002, guid: 8614e31cf394dd8449721e98379fd5f7, type: 3}
      propertyPath: m_LocalScale.z
      value: 7.0187163
      objectReference: {fileID: 0}
    m_RemovedComponents: []
  m_SourcePrefab: {fileID: 100100000, guid: 8614e31cf394dd8449721e98379fd5f7, type: 3}
--- !u!4 &5952746637262854941 stripped
Transform:
  m_CorrespondingSourceObject: {fileID: 400002, guid: 8614e31cf394dd8449721e98379fd5f7,
    type: 3}
  m_PrefabInstance: {fileID: 5952746637262717343}
  m_PrefabAsset: {fileID: 0}
